<?xml version="1.0" encoding="UTF-8"?><collection xmlns="http://www.loc.gov/MARC21/slim"><record><leader>00355nam--2200121-i-4500</leader><controlfield tag="001">000035832</controlfield><controlfield tag="002">20161230</controlfield><controlfield tag="005">20161230201040</controlfield><controlfield tag="008">060222s1000------------r-----000-0-eng-d</controlfield><datafield ind1=" " ind2=" " tag="100"><subfield code="a">Huntoon, R.T</subfield></datafield><datafield ind1=" " ind2=" " tag="260"><subfield code="a">Nuclear Metallurgy. Imd Special Report Series. Vol. 14: Materials Or Radio-isotope Heat Sources</subfield></datafield><datafield ind1=" " ind2=" " tag="490"><subfield code="a">Special Report Series</subfield></datafield><datafield ind1=" " ind2=" " tag="700"><subfield code="a">Harms, W.O</subfield></datafield></record></collection>